@book{Shiffman2012,
author = {Shiffman, Daniel},
doi = {10.1016/b978-0-8155-2049-8.10001-4},
isbn = {9780985930806},
pages = {519},
title = {{The Nature of Code}},
year = {2012}
}

@article{Leite2016,
author = {Leite, Lucas Sampaio},
title = {{Aut{\^{o}}matos Celulares para Otimiza{\c{c}}{\~{a}}o de Cein{\'{a}}rios em Gerenciamento de Recursos de Energia}},
year = {2016}
}

@book{Liu2008,
address = {Boca Raton},
author = {Liu, Yan},
doi = {10.1201/9781420059908},
edition = {1st Editio},
isbn = {9780429136894},
month = {dec},
publisher = {CRC Press},
title = {{Modelling Urban Development with Geographical Information Systems and Cellular Automata}},
url = {https://www.taylorfrancis.com/books/9781420059908},
year = {2008}
}

@phdthesis{Melotti2009,
author = {Melotti, Gledson},
pages = {116},
school = {Universidade Federal de Minas Gerais},
title = {{Aplica{\c{c}}{\~{a}}o de Aut{\^{o}}matos Celulares em Sistemas Complexos : Um Estudo de Caso em Espalhamento de Epidemias}},
year = {2009}
}

@article{Castro2008,
abstract = {Os aut{\^{o}}matos celulares s{\~{a}}o ferramentas que podem representar quase todos os sistemas evolutivos que se pode imaginar. Suas principais caracter{\'{i}}sticas s{\~{a}}o a computa{\c{c}}{\~{a}}o descentralizada, onde cada c{\'{e}}lula {\'{e}} capaz de computar sua evolu{\c{c}}{\~{a}}o apenas baseando-se nos estados anteriores do sistema de c{\'{e}}lulas, e a simplicidade de suas regras, que, no entanto dificilmente podem ter suas conse- q{\"{u}}{\^{e}}ncias previstas. Atualmente pesquisadores de v{\'{a}}rios diferentes campos utilizam modelos de aut{\^{o}}matos celulares para simular diferentes tipos de aplica{\c{c}}{\~{o}}es na biologia evolutiva, na din{\^{a}}mica das rea{\c{c}}{\~{o}}es qu{\'{i}}micas, nos sistemas din{\^{a}}micos da f{\'{i}}sica, no com- portamento de mercados e muitas outras. Todas as aplica{\c{c}}{\~{o}}es hoje existentes s{\~{a}}o de alguma forma baseadas nos trabalhos de John von Neumann, John Holton Conway e Stephen Wolfram, cujas implementa{\c{c}}{\~{o}}es ser{\~{a}}o abordadas neste trabalho.},
author = {Castro, Marcia Luciana Aguena and Castro, Reinaldo De Oliveira},
issn = {1980-1793},
journal = {Revista de Ci{\^{e}}ncias Exatas e Tecnologia},
keywords = {Aut{\^{o}}matos celulares,Princ{\'{i}}pio da Equi-,ista de ci{\^{e}}ncias exatas,jogo da vida,val{\^{e}}ncia Computacional.},
number = {3},
pages = {89--106},
title = {{Aut{\^{o}}matos celulares: implementa{\c{c}}{\~{o}}es de von Neumann, Conway e Wolfram}},
volume = {3},
year = {2008}
}

@article{White2007,
abstract = {The main goal of this work is to introduce a theoretical model, based on cellular automata, to simulate epidemic spreading. Specifically, it divides the population into three classes: susceptible, infected and recovered, and the state of each cell stands for the portion of these classes of individuals in the cell at every step of time. The effect of population vaccination is also considered. The proposed model can serve as a basis for the development of other algorithms to simulate real epidemics based on real data. {\textcopyright} 2006 Elsevier Inc. All rights reserved.},
author = {White, S. Hoya and del Rey, A. Mart{\'{i}}n and S{\'{a}}nchez, G. Rodr{\'{i}}guez},
doi = {10.1016/j.amc.2006.06.126},
issn = {00963003},
journal = {Applied Mathematics and Computation},
keywords = {Cellular automata,Epidemic spreading,Mathematical modeling,Rectangular lattices,SIR model},
number = {1},
pages = {193--202},
title = {{Modeling epidemics using cellular automata}},
volume = {186},
year = {2007}
}

@ONLINE {alexanderschatten2008,
    author = "Alexander Schatten",
    title  = "Cellular Automata Tutorial",
    month  = "jan",
    year   = "2008",
    url    = "https://web.archive.org/web/20120309131330/http://www.schatten.info/info/ca/ca.html"
}

@article{Sirakoulis2000,
abstract = {A cellular automaton model for the effects of population movement and vaccination on epidemic propagation is presented. Each cellular automaton cell represents a part of the total population that may be found in one of three states: infected, immunized and susceptible. As parts of the population move randomly in the cellular automaton lattice, the disease spreads. We study the effect of two population movement parameters on the epidemic propagation: the distance of movement and the percentage of the population that moves. Furthermore, the model is extended to include the effect of the vaccination of some parts of the population on epidemic propagation. The model establishes the acceleration of the epidemic propagation because of the increment, of the percentage of the moving population, or of the maximum distance of population movement. On the contrary, the effect of population vaccination reduces the epidemic propagation. The proposed model can serve as a basis for the development of algorithms to simulate real epidemics based on real data. (C) 2000 Elsevier Science B.V.},
author = {Sirakoulis, G. Ch and Karafyllidis, I. and Thanailakis, A.},
doi = {10.1016/S0304-3800(00)00294-5},
issn = {03043800},
journal = {Ecological Modelling},
keywords = {Cellular automata,Epidemics,Modelling,Population dynamics,Vaccination},
number = {3},
pages = {209--223},
title = {{A cellular automaton model for the effects of population movement and vaccination on epidemic propagation}},
volume = {133},
year = {2000}
}

@book{Kier2005,
  doi = {10.1007/1-4020-3690-6},
  author = {Kier, Lemont B. and  Seybold, Paul G. and Cheng, Chao-Kun. },
  url = {https://doi.org/10.1007/1-4020-3690-6},
  year = {2005},
  publisher = {Springer-Verlag},
  title = {Modeling Chemical Systems Using Cellular Automata}
}

@article{ZorzenonDosSantos2001,
abstract = {We use a cellular automata model to study the evolution of human immunodeficiency virus (HIV) infection and the onset of acquired innumodeficiency syndrome (AIDS). The model takes into account the global features of the immune response to any pathogen, the fast mutation rate of the HIV, and a fair amount of spatial localization, which may occur in the lymph nodes. Our results reproduce the three-phase pattern observed in T cell and virus counts of infected patients, namely, the primary response, the clinical latency period, and the onset of AIDS. The dynamics of real experimental data is related to the transient behavior of our model and not to its steady state. We have also found that the infected cells organize themselves into spatial structures, which are responsible for the decrease on the concentration of uninfected cells, leading to AIDS. {\textcopyright} 2001 American Physical Society.},
author = {{Zorzenon Dos Santos}, Rita Maria and Coutinho, S{\'{e}}rgio},
doi = {10.1103/PhysRevLett.87.168102},
issn = {10797114},
journal = {Physical Review Letters},
mendeley-groups = {Linguagens formais e aut{\^{o}}matos/Aut{\^{o}}matos Celulares},
number = {16},
pages = {16--19},
title = {{Dynamics of HIV infection: A cellular automata approach}},
volume = {87},
year = {2001}
}

@article{Cairo2019,
author = {Cairo, Carolline and Barbosa, Claudio and Lobo, Felipe and Novo, Evlyn and Carlos, Felipe and Maciel, Daniel and J{\'{u}}nior, Rog{\'{e}}rio and da Silva, Edson Filisbino Freire and Curtarelli, Victor},
file = {:home/felipe/.local/share/data/Mendeley Ltd./Mendeley Desktop/Downloaded/Cairo et al. - 2019 - Hybrid chlorophyll-a algorithm for assessing trophic states of a tropical Brazilian reservoir based on MSI Sentin.pdf:pdf},
journal = {Remote Sensing},
keywords = {chlorophyll-a,hybrid algorithm,tropical reservoir},
title = {{Hybrid chlorophyll-a algorithm for assessing trophic states of a tropical Brazilian reservoir based on MSI / Sentinel-2 data}},
year = {2019}
}

@article{CARNEIRO2013104,
abstract = {Modeling interactions between social and natural systems is a hard task. It involves collecting data, building up a conceptual approach, implementing, calibrating, simulating, validating, and possibly repeating these steps again and again. There are different conceptual approaches proposed in the literature to tackle this problem. However, for complex problems it is better to combine different approaches, giving rise to a need for flexible and extensible frameworks for modeling nature–society interactions. In this paper we present TerraME, an open source toolbox that supports multi-paradigm and multi-scale modeling of coupled human-environmental systems. It enables models that combine agent-based, cellular automata, system dynamics, and discrete event simulation paradigms. TerraME has a GIS interface for managing real-world geospatial data and uses Lua, an expressive scripting language.},
author = {{de Senna Carneiro}, Tiago Garcia and de Andrade, Pedro Ribeiro and C{\^{a}}mara, Gilberto and Monteiro, Ant{\^{o}}nio Miguel Vieira and Pereira, Rodrigo Reis},
doi = {https://doi.org/10.1016/j.envsoft.2013.03.002},
issn = {1364-8152},
journal = {Environmental Modelling {\&} Software},
keywords = { Cellular automata, Discrete event simulation, Environmental modeling, Multi-agent systems, Multi-scale modeling,Nature–society models},
pages = {104--117},
title = {{An extensible toolbox for modeling nature–society interactions}},
url = {http://www.sciencedirect.com/science/article/pii/S1364815213000534},
volume = {46},
year = {2013}
}
